@ARTICLE{AUW2009,
  AUTHOR       = "Christian Schmitz und Stefan Glase",
  TITLE        = "ADF – eine Universallösung für Web-Anwendungen?",
  PUBLISHER    = "DOAG News",
  YEAR         = "2009"
}
@BOOK{ARIA2015,
  AUTHOR       = "Ulrich Gerkmann-Bartels und Hendrik Gossens und Christof Kaller und Martin Künkele und Markus Lohn und Paul-Enno Schulte und Robert Szilinski und Annegret Warnecke",
  TITLE        = "ADF Buch - Rich Internet Applikationen mit dem ORACLE Application Development Framework erstellen",
  PUBLISHER    = "deutsche ADF Community",
  YEAR         = "2015",
  ADDRESS      = "http://www.oracle.com/technetwork/de/community/adf/overview/index.html"
}
@BOOK{OAEAD2014,
  AUTHOR       = "Sten E. Vesterli",
  TITLE        = "Oracle ADF Enterprise Application Development – Made Simple Second Edition",
  PUBLISHER    = "Packt Publishing",
  YEAR         = "2014",
  ADDRESS      = "Birmingham"
}
@BOOK{OFDG2010,
  AUTHOR       = "Frank Nimphius and Lynn Munsinger",
  TITLE        = "Oracle Fusion Developer Guide - Building Rich Internet Applications with Oracle ADF Business Components and Oracle ADF Faces",
  PUBLISHER    = "The McGraw-Hill Companies",
  YEAR         = "2010",
  ADDRESS      = ""
}
@BOOK{PEAA2002,
  AUTHOR       = "Martin Fowler and David Rice and Matthew Foemmel and Edward Hieatt and Robert Mee and Randy Stafford",
  TITLE        = "Patterns of Enterprise Application Architecture",
  PUBLISHER    = "Addison Wesley",
  YEAR         = "2002",
  ADDRESS      = ""
}